@BOOK{h,
AUTHOR = "OGATA, Katsuhiko",
TITLE = "Engenharia de Controle Moderno - 4ª ed",
PUBLISHER = "pearson",
ADDRESS = "New York",
YEAR = "2003"
}

@BOOK{n,
AUTHOR = "NISE, Norman S.",
TITLE = "Engenharia de Sistemas de Controle - 6ª Ed.",
PUBLISHER = "pearson",
ADDRESS = "LTC",
YEAR = "2012"
}

@BOOK{cengel,
AUTHOR = "ÇENGEL, Yunus A.",
TITLE = "Transferência de calor e massa: uma abordagem prática - 3ª Ed.",
PUBLISHER = "McGraw-Hill",
ADDRESS = "São Paulo",
YEAR = "2009"
}

@manual{DATASHEET_TIVA,
	title		= "Tiva™ TM4C1294NCPDT Microcontroller -
DATA SHEET",
	author		= "Texas Instruments Incorporated",
	%organization	= "Texas Instruments Incorporated",
	%address	= "",
	%edition	= "",
	year		= "2014",
	%month		= "",
	%note		= "",
}



